2111 3525
500 323 653 377 1226

1207 309 1486 394 Replevin.

737 441 885 492 charge,
900 439 1029 479 videlt.
1044 438 1115 495 fibi
1132 440 1180 484 όν
1200 439 1382 479 heredibus
1402 444 1478 489 suis
1507 448 1579 478 tam
1596 437 1661 476 diu
1680 451 1781 492 quam
1798 437 1882 479 diff
1899 440 1993 489 Etiz.
2010 447 2070 486 παρ’

737 495 864 535 Thome
897 495 1057 549 Allcstrey
1074 495 1124 538 ἄν
1153 493 1358 546 Margareta
1387 494 1538 533 clement
1566 494 1746 545 respefflive
1773 498 1932 536 viverent
1953 509 1990 543 &-
2010 495 2072 540 has*

736 551 854 590 herent
880 549 1017 589 heredes
1049 550 1092 589 de
1120 551 1313 604 respefflivis
1342 550 1534 601 corporibus
1562 554 1640 601 suis
1666 549 1849 600 proco-eas,
1866 552 1927 601 seu
1956 570 2069 596 earm„

736 606 844 644 altera
863 609 999 646 viveret
1024 605 1104 661 five
1138 605 1274 645 haberet
1289 604 1430 643 heredes
1451 604 1494 643 de
1513 616 1648 655 corpore
1656 602 1721 654 βο
1739 604 1888 655 legitime
1899 612 2068 659 procreat,

736 661 783 699 Et
799 660 834 699 le
849 663 908 700 vie
924 659 970 700 de
983 660 1039 700 dit
1056 659 1237 712 Margaret
1250 659 1285 698 al
1303 672 1425 713 temps
1444 658 1491 698 de
1507 657 1652 698 distress
1672 656 1741 697 fuit
1761 671 1897 699 averte.

684 716 733 758 Al
752 716 842 770 quel
859 718 1030 770 Avowry
1042 716 1078 755 le
1100 715 1273 756 Plaintiff
1282 714 1426 764 demur,
1456 716 1491 754 8(
1509 715 1544 754 le
1574 713 1661 753 Def.
1672 713 1759 764 join
1783 727 1830 754 en
1850 717 2069 771 Demurterg,

735 783 817 810 mes
834 784 881 810 en
899 773 967 811 ce'o
979 772 1075 812 Case
1094 770 1157 810 nul
1172 769 1373 825 Judgment
1390 770 1461 809 fuit
1472 769 1584 816 done,
1614 782 1675 807 car
1713 769 1784 809 fuit
1811 769 1899 810 finie
1922 784 1986 824 pet
2018 777 2068 816 A.

735 839 927 878 greement
945 839 1049 866 enter
1064 827 1116 865 les
1136 828 1290 877 Parnes,
1312 839 1421 866 come
1437 826 1506 877 jeo
1523 825 1576 865 fui
1591 824 1751 865 informe
1775 839 1839 879 pet
1853 838 1903 867 un
1926 826 1991 868 des
2004 833 2068 871 At·

736 884 876 921 tornies
891 895 937 921 en
956 896 1025 921 ceo
1039 882 1147 922 Case.

681 934 769 975 Vide
788 937 823 975 le
841 937 987 990 Report
1007 936 1055 976 de
1086 936 1143 977 dit
1171 936 1267 977 Case
1287 935 1334 974 de
1352 934 1472 974 Smith
1501 935 1535 974 &
1558 933 1722 986 Farnaby
1753 947 1801 974 en
1824 949 1846 974 2
1868 933 1980 976 Kehle
2003 952 2065 992 29,

707 1022 713 1027 .
736 1004 801 1041 55,
818 993 853 1031 &
866 991 929 1044 84,
942 1006 1003 1031 car
1032 997 1165 1043 (come
1183 992 1207 1031 il
1228 989 1395 1046 semble)
1408 991 1490 1029 sont
1503 990 1632 1030 ascuns
1647 990 1776 1030 choses
1794 990 1831 1029 la
1849 989 1937 1031 dists
1951 1005 2066 1046 queux

734 1047 818 1086 sont
833 1046 1063 1098 observable‚
1095 1049 1130 1088 8(
1162 1060 1288 1101 queux
1307 1059 1353 1086 ne
1370 1047 1454 1086 sont
1481 1044 1571 1085 dists
1588 1059 1635 1085 en
1653 1047 1763 1086 ascun
1782 1057 1887 1085 auter
1901 1046 2048 1101 Repom

679 1099 792 1149 Nota,
819 1115 894 1156 que
920 1116 968 1142 en
986 1103 1131 1142 Harlow
1149 1104 1183 1142 &
1204 1102 1376 1142 Bradnox
1387 1102 1497 1151 Case‚
1518 1116 1541 1140 2
1556 1100 1698 1141 Levinz
1716 1101 1778 1141 88.
1797 1101 1864 1140 lou
1881 1114 1926 1141 en
1937 1102 2064 1159 Reple.

734 1159 1019 1206 vin‚conusance
1036 1159 1107 1198 fuit
1119 1159 1185 1198 fait
1198 1171 1305 1197 come
1318 1153 1449 1197 Bailiff
1453 1157 1488 1196 al
1505 1159 1628 1197 Baton
1643 1158 1676 1196 8(
1689 1158 1799 1196 Peme
1820 1169 1890 1210 put
1902 1157 1998 1198 Rent
2012 1173 2064 1201 at-

734 1213 852 1263 tear,il
867 1213 1010 1253 esteant
1027 1213 1127 1254 seifie
1144 1226 1190 1253 en
1206 1213 1307 1257 droit
1320 1213 1356 1251 sa
1371 1215 1507 1258 Feme3
1527 1214 1579 1251 Le
1599 1210 1667 1251 Plt.
1681 1211 1811 1251 demut
1825 1212 2063 1268 specialment,

730 1280 801 1320 pur
815 1282 883 1308 ceo
895 1282 969 1324 que
986 1281 1033 1308 ne
1046 1269 1117 1309 fuit
1132 1281 1259 1308 averte
1273 1281 1349 1323 que
1364 1267 1398 1307 le
1411 1270 1521 1307 Feme
1536 1268 1608 1306 fuit
1623 1280 1671 1307 en
1684 1270 1768 1317 vie;
1784 1269 1818 1307 8(
1836 1267 1990 1321 perHale
1998 1270 2063 1313 Ch.

725 1323 876 1373 Jufflcc,
905 1334 1019 1364 aretro
1038 1324 1184 1379 existen'
1202 1324 1250 1376 eft
1268 1321 1361 1381 quast
1372 1336 1422 1362 un
1438 1324 1642 1363 Averment
1655 1321 1717 1362 del
1751 1324 1812 1362 vie
1828 1322 1876 1364 de
1889 1324 2004 1376 Feme‚
2029 1328 2063 1368 8<

729 1378 789 1418 sur
806 1379 956 1433 general
975 1382 1179 1420 Demuxrer
1204 1379 1423 1434 questionleyt
1452 1378 1499 1418 ad
1529 1376 1622 1417 estre
1640 1377 1750 1418 bone.
1784 1378 1874 1419 Mes
1889 1392 1951 1434 pet
1963 1378 2063 1435 Twifi

728 1434 798 1472 den
815 1436 849 1474 8(
868 1434 977 1485 de,
993 1434 1047 1475 est
1066 1434 1175 1475 affets
1201 1434 1302 1474 bone
1318 1435 1377 1473 sur
1395 1433 1529 1487 special
1544 1435 1772 1481 Demutter3
1800 1434 1860 1474 sur
1873 1447 1947 1494 que
1956 1435 2063 1491 Judg-

727 1501 832 1528 ment
850 1490 922 1530 fuit
935 1489 1036 1529 done
1051 1505 1119 1545 pur
1137 1490 1172 1530 le
1187 1488 1414 1530 Defendant.
1445 1491 1490 1529 Et
1503 1501 1551 1528 en
1570 1489 1605 1528 le
1619 1487 1676 1529 dit
1692 1489 1788 1529 case
1800 1488 1848 1529 de
1873 1494 1997 1539 Weekes
2027 1495 2062 1533 8(

726 1544 856 1595 Peach‚
871 1544 924 1586 est
942 1544 997 1585 dit
1015 1560 1091 1600 que
1105 1557 1188 1586 tant
1205 1545 1253 1585 de
1268 1547 1368 1585 Rent
1395 1545 1465 1585 fuit
1483 1557 1530 1584 en
1543 1557 1677 1597 arreat,
1695 1546 1763 1585 &c.
1776 1551 1906 1599 Qaere
1921 1543 2013 1588 donc
2026 1547 2060 1589 le

726 1598 929 1640 difference
943 1613 1045 1641 enter
1060 1602 1116 1642 les
1139 1600 1266 1641 Cases.

672 1652 772 1693 Nota
785 1658 886 1705 auxi,
916 1669 991 1709 que
1006 1670 1053 1696 en
1066 1670 1118 1696 un
1136 1656 1233 1696 Case
1250 1666 1355 1695 enter
1386 1654 1518 1695 Birdal
1554 1657 1595 1697 ὃ(
1615 1656 1730 1696 Carew
1756 1656 1805 1699 ὠ·
1829 1655 1892 1706 al',
1926 1655 1962 1696 le
1977 1657 2057 1713 quel

721 1711 847 1749 intrat’
865 1710 983 1763 Pasch.
1002 1725 1017 1749 1
1040 1712 1140 1750 Anne
1158 1709 1294 1763 Regine
1308 1723 1356 1749 en
1375 1723 1425 1749 un
1443 1711 1613 1763 Avowry
1639 1722 1709 1762 put
1723 1710 1821 1750 Rent
1834 1711 1975 1752 teserve
2002 1713 2055 1754 sut

719 1763 843 1803 Estate
860 1777 905 1804 en
923 1765 1141 1814 Tail-male,
1161 1765 1230 1805 fait
1243 1778 1308 1818 per
1322 1777 1374 1803 un
1390 1765 1556 1803 Grantee
1572 1764 1619 1803 de
1632 1763 1925 1815 Reverfion,fuit
1942 1779 2056 1808 averte

720 1832 796 1872 que
823 1825 941 1860 exieus
962 1821 1123 1873 masculus
1140 1819 1186 1859 de
1201 1832 1311 1874 corps
1330 1819 1428 1858 dele
1446 1821 1611 1859 Grantee
1629 1819 1700 1859 fuit
1711 1833 1759 1859 en
1770 1823 1843 1869 vie,
1857 1822 1926 1861 &c.
1952 1824 2054 1863 Etsut
2110 1857 2111 1876 Ι

720 1874 870 1927 general
887 1877 1089 1915 Demurrer
1102 1879 1302 1928 exception
1318 1875 1390 1914 fuit
1418 1874 1513 1928 prise
1543 1874 1578 1914 al
1595 1877 1765 1929 Avowry
1785 1889 1850 1929 per
1866 1875 1964 1929 Hae,
1990 1891 2055 1933 que
2109 1897 2111 1940 Ι

717 1942 765 1968 ne
779 1929 851 1969 fuit
865 1942 992 1970 averte
1007 1943 1080 1984 que
1091 1930 1158 1969 asc‘
1170 1929 1262 1970 Issue
1274 1929 1323 1969 de
1337 1930 1371 1969 le
1384 1932 1537 1970 Tenant
1546 1943 1593 1969 en
1604 1929 1691 1971 Tail
1703 1942 1767 1984 per
1781 1931 1912 1971 nosme
1925 1936 2054 1974 certain
2107 1952 2110 1988 ς

717 1985 791 2023 fuit
807 1999 855 2025 en
873 1988 944 2035 vie,
957 1990 1029 2028 &a
1048 2000 1156 2025 come
1171 1983 1323 2026 duiffoit
1352 1984 1461 2036 estre,
1489 1998 1550 2025 car
1575 1997 1785 2025 autetment
1809 1986 1876 2026 nul
1902 1991 2053 2030 certaine
2106 2001 2109 2026 ι

717 2038 811 2079 Iffue
824 2052 915 2094 poet
925 2040 1019 2080 estre
1032 2042 1137 2095 prise.
1165 2040 1240 2081 Sed
1254 2056 1324 2080 non
1341 2042 1519 2080 allai-atur.
1547 2041 1623 2081 Cat
1638 2054 1702 2094 per
1729 2041 1859 2083 Trevor
1874 2041 1943 2084 Ch.
1958 2045 1989 2092 J.
2018 2045 2052 2084 &
2104 2064 2107 2094 ς

717 2097 752 2146 7.
767 2094 924 2135 Blencow
940 2110 992 2136 un
1010 2096 1216 2137 Estatetail
1230 2097 1322 2135 serta
1337 2094 1466 2135 intend
1484 2095 1531 2134 de
1550 2100 1748 2136 continuet
1758 2107 1901 2151 tanque
1920 2098 1955 2138 le
1964 2112 2052 2139 con·
2103 2121 2105 2134 ·

714 2144 815 2205 trary
831 2151 902 2191 soit
915 2150 1091 2191 monstre.
1120 2153 1167 2191 Et
1182 2151 1387 2205 Judgmcnt
1404 2151 1475 2190 fuit
1489 2150 1591 2191 done
1604 2165 1674 2206 put
1688 2151 1724 2192 le
1732 2153 2049 2202 Avowant‚autiel
2100 2177 2103 2214 Ι

709 2206 918 2260 Judgment
935 2218 1052 2261 quant
1061 2207 1098 2247 al
1116 2208 1255 2246 contin'
1272 2206 1359 2246 d'un
1377 2206 1498 2247 Estate
1513 2205 1639 2247 suiten
1657 2208 1824 2254 Cockman
1840 2209 1875 2248 8(
1891 2206 2048 2249 Farrer’s
2099 2220 2102 2259 Ι

714 2260 824 2311 case,
841 2274 862 2301 2
880 2263 986 2317 Jones
1011 2263 1099 2303 18¹.
1131 2264 1164 2302 8(
1184 2262 1270 2303 vide
1285 2276 1353 2315 put
1372 2275 1440 2301 ceo
1457 2260 1568 2301 Plow.
1588 2265 1678 2304 som.
1692 2275 1783 2317 431.
1801 2278 1831 2302 a.
2097 2284 2100 2318 Ι

658 2318 732 2355 Pur
746 2316 782 2355 le
795 2318 977 2371 principal
1009 2318 1105 2358 Case
1138 2317 1186 2358 de
1202 2319 1333 2362 Weekes
1351 2319 1385 2357 &
1404 2317 1518 2356 Peach
1537 2317 1660 2358 cibien
1692 2329 1811 2371 quant
1827 2316 1862 2358 al
1887 2316 1984 2358 force
1999 2315 2043 2357 de
2095 2341 2098 2375 Ι

710 2371 747 2411 le
764 2372 976 2427 Recovcry,
1012 2386 1120 2413 come
1135 2373 1170 2413 al
1202 2373 1237 2412 le
1254 2374 1472 2422 Averment,
1491 2375 1580 2414 vide
1602 2387 1648 2423 14
1663 2372 1694 2413 E
1698 2404 1706 2413 .
1726 2388 1764 2426 4.
1771 2376 1825 2429 fo.
1845 2386 1879 2425 ς.
1892 2373 1921 2412 b.
1930 2374 1993 2425 pla.
2009 2384 2043 2424 5.
2095 2386 2097 2395 ·

712 2428 747 2466 8(
774 2442 820 2478 15
836 2426 881 2468 Ε.
897 2443 935 2480 4.
961 2431 1008 2480 fo.
1028 2433 1064 2470 6.
1076 2429 1144 2482 pla.
1166 2443 1181 2469 1
1197 2441 1228 2470 ι.
1244 2430 1277 2469 8(
1283 2429 1340 2485 fo.
1357 2427 1393 2468 8.
1413 2429 1484 2482 pla.
1513 2440 1573 2482 ¹3·
1589 2442 1642 2470 ou
1672 2442 1766 2469 ceux
1796 2439 1945 2470 matters
1968 2427 2042 2468 sont
2092 2450 2095 2481 Ι

655 2489 659 2531 ζ
710 2482 808 2523 mult
821 2481 968 2524 debate.
2091 2507 2093 2517 ‹

2087 2617 2089 2666 1

2085 2670 2088 2701 1
2110 2696 2111 2700 ,

1915 2789 2036 2850 ΙΗοοΙε
2080 2831 2083 2863 Ι
2110 2838 2111 2844 1
