2111 3525
0 2843 13 2875 *gx

967 277 1292 284 -.-.⁷..>„-.Qx-„-..>
1311 280 1337 283 a.

63 280 328 292 -.-.....----—·---·
335 280 341 283 .
347 279 441 284 -----
449 279 537 284 .Δ-,,-

62 410 103 417 q..

61 485 245 598 CEO
282 483 378 523 Case
407 482 477 521 fuit
503 495 616 534 argue
645 495 692 520 en
721 481 819 520 Trin.
855 494 873 535 3
899 479 949 518 W.
971 481 1005 519 8(
1033 479 1083 520 Μ.
1115 494 1180 536 per
1206 481 1368 525 Blencow
1397 499 1455 526 ac—

185 539 331 579 counsel
345 550 417 576 ove
433 538 467 575 16
487 539 571 576 Def.
604 540 638 575 8(
656 550 720 591 per
737 535 848 578 Lovel
864 549 933 588 pro
949 549 1051 588 quer.

62 600 107 640 Et
123 610 189 651 pur
205 596 259 634 les
274 592 511 634 Defendants
527 593 595 632 fuit
610 591 664 631 dit
676 605 752 646 que
767 591 811 630 ils
821 604 867 630 ne
875 592 1026 630 fueront
1041 591 1175 646 estopa
1187 593 1317 647 pleder
1332 596 1365 635 16
1381 597 1455 638 Re*

109 652 213 701 16316,
229 648 483 690 nientobstant
498 648 554 687 les
586 648 834 701 imparlances
850 659 956 700 aptes
974 665 985 696 3
1013 661 1075 687 car
1108 649 1141 687 le
1173 648 1351 705 diverfity
1381 666 1455 707 que

108 720 215 760 curge
228 718 290 760 per
303 716 405 743 touts
424 704 458 743 le
473 704 586 743 livers
603 705 687 754 fu1t‚
706 716 781 756 que
794 702 933 741 devant
946 700 1035 741 iffuc
1048 703 1104 742 les
1123 708 1391 748 conn‘nuances
1407 722 1456 748 nc

107 763 186 802 fiant
199 763 465 810 mention,mes
482 762 565 812 puis
584 757 673 798 iffue
686 770 791 798 touts
807 759 911 807 foitS,
922 760 956 797 &
967 757 1085 811 donq;
1096 757 1179 799 doit
1197 760 1328 800 d’estre
1347 763 1457 817 pIede

115 821 196 870 puis
211 817 244 855 le
260 815 355 855 dart'
370 817 509 854 contin’
539 815 585 854 Et
601 828 696 853 ceux
708 815 810 854 cases
829 813 976 852 fueront
991 816 1064 852 cite
1083 827 1154 869 pur
1178 829 1261 866 ceo,
1290 814 1371 858 Viz..
1406 833 1419 858 1
1432 823 1456 859 6

109 872 157 913 H.
176 886 212 921 7.
235 886 293 921 17.
329 885 374 925 35
395 870 442 909 Η.
460 874 495 910 6.
520 882 551 909 Ι.
583 869 631 925 38
651 869 701 910 H.
720 874 754 910 6.
773 869 810 908 8ἢ
839 868 903 908 Βν.
920 869 1156 909 Continuance
1173 884 1237 923 59.
1266 874 1307 914 8(
1330 873 1455 914 divers

107 939 228 967 auters
243 926 358 966 Cares
378 925 423 964 la.

54 984 141 1025 Mes
151 995 246 1021 ceux
258 983 485 1035 Exceptions
506 978 656 1020 fueront
674 979 766 1032 prise
781 991 846 1032 per
860 977 894 1018 le
909 979 1076 1019 Counsel
1095 978 1155 1020 del
1170 980 1242 1020 Plt.
1259 982 1293 1022 al
1313 982 1347 1022 le
1368 984 1455 1024 Ρ163

107 1037 170 1077 del
184 1035 430 1077 Defendants.

61 1108 92 1134 1.
124 1094 216 1147 Qe
243 1091 288 1131 ils
317 1105 363 1131 ne
388 1087 587 1130 duiffoient
619 1102 705 1128 aver
724 1088 836 1143 plede
851 1088 946 1142 quod
973 1090 1317 1143 quer’ac'lion’fimm
1334 1094 1457 1134 hahere

107 1164 178 1187 non
196 1148 304 1186 dehet.
333 1147 424 1187 Mes
439 1146 530 1199 quod
548 1143 614 1198 ipft
631 1146 864 1194 ac'lion’suam
881 1144 977 1195 pred'
991 1147 1137 1186 ulterius
1152 1157 1368 1188 manutenere
1385 1164 1458 1189 non

110 1202 222 1252 debet,
251 1214 311 1241 car
331 1201 366 1241 al
384 1211 506 1254 temps
518 1198 566 1238 de
580 1210 905 1239 commencement
932 1198 992 1238 del
1005 1201 1148 1240 Adrion
1160 1202 1195 1242 le
1209 1202 1276 1242 Plt.
1295 1203 1344 1243 ad
1359 1203 1458 1244 bone

113 1258 219 1296 cause
235 1255 269 1296 d'
290 1256 446 1305 Adrion,
479 1257 513 1294 8(
532 1255 565 1293 16
580 1256 686 1293 cause
701 1253 747 1293 de
772 1255 806 1294 16
822 1257 909 1293 Barr
933 1254 1004 1294 fuit
1032 1269 1097 1309 per
1115 1254 1245 1297 reason
1260 1257 1307 1296 de
1322 1268 1458 1300 matter

108 1312 360 1363 substquent5
390 1309 478 1350 Vade
496 1324 566 1363 pur
581 1323 646 1348 ceo
662 1309 696 1348 le
712 1311 789 1348 case
805 1310 852 1349 de
873 1308 1036 1362 Campion
1052 1313 1087 1350 8(
1104 1311 1229 1361 Baker,
1257 1311 1396 1354 devant
1410 1329 1458 1357 en

113 1379 172 1406 cet
189 1370 311 1406 Livre.
378 1391 380 1397 ι
432 1388 437 1395 ·

62 1435 96 1464 2.
158 1434 204 1459 ue
222 1433 291 1460 ceo
309 1419 397 1460 Plea
413 1415 563 1459 duiffoit
576 1431 660 1458 aver
678 1417 771 1458 estre
785 1418 896 1474 plede
911 1431 1018 1458 come
1031 1433 1082 1459 un
1107 1420 1195 1461 Plea
1211 1425 1298 1478 puis
1313 1422 1349 1463 le
1363 1423 1458 1465 darr’

112 1480 373 1515 continuance.
403 1474 460 1513 Co.
477 1472 562 1514 Ent.
581 1487 670 1525 5¹7·
684 1473 720 1512 C.
751 1476 785 1512 &
806 1473 927 1527 Rastal
941 1488 1032 1526 549.

63 1546 97 1586 3.
127 1533 220 1587 Qe
238 1532 293 1571 les
310 1529 544 1571 Defendants
559 1541 653 1568 ount
670 1528 760 1581 perd
773 1529 807 1568 le
821 1529 1043 1583 Advantage
1069 1529 1118 1570 de
1131 1529 1187 1571 dit
1201 1531 1290 1572 Plea
1303 1546 1374 1586 pur
1386 1547 1458 1574 ceo

112 1600 183 1639 quc
198 1586 242 1625 ils
261 1598 354 1681 ffimr
367 1584 529 1639 emparle
547 1597 655 1639 apres
667 1585 702 1623 16
716 1584 838 1624 sesans
860 1584 907 1623 de
926 1584 961 1623 16
978 1584 1147 1636 Release,
1175 1588 1210 1625 8<
1239 1601 1309 1641 pur
1332 1601 1402 1628 ceo
1430 1590 1457 1629 il

111 1645 185 1680 cite
202 1643 248 1682 16
304 1671 312 1680 .
332 1655 367 1690 7.
394 1654 452 1689 ¹7·

60 1699 112 1736 Le
131 1696 265 1745 Courr,
295 1701 370 1734 viz.
399 1694 520 1733 Pewel
535 1695 571 1732 8<
586 1692 733 1743 Rokeb„
763 1692 822 1730 sur
847 1703 907 1731 cet
928 1695 1066 1745 primer
1078 1693 1290 1748 Argument
1302 1694 1458 1738 fuerent

109 1749 156 1790 de
170 1753 327 1804 opinion
343 1761 416 1801 que
434 1749 469 1788 16
487 1747 573 1787 Plea
590 1748 664 1786 fuir
692 1746 792 1785 bone
818 1748 853 1786 8(
880 1745 981 1785 done
1001 1745 1205 1801 Judgment
1217 1763 1288 1804 pur
1306 1750 1362 1791 les
1380 1755 1459 1792 De-

109 1804 295 1853 fendants,
324 1802 422 1860 Nsst,
450 1803 528 1845 dvc.
556 1804 646 1844 Mes
661 1801 695 1841 16
709 1801 788 1840 case
807 1801 880 1840 fuit
897 1814 1010 1855 argue
1027 1815 1152 1842 artear
1177 1816 1225 1844 en
1256 1807 1395 1847 mesme
1421 1809 1458 1849 16

109 1862 227 1901 Term
255 1873 321 1913 per
347 1858 483 1897 mesme
500 1857 535 1897 16
550 1855 731 1906 Counsel‚
765 1857 799 1895 8(
818 1856 920 1896 donc
937 1858 1007 1897 fuit
1023 1857 1135 1898 order
1159 1857 1196 1898 d’
1218 1859 1313 1901 estre
1342 1875 1457 1918 argue

109 1927 229 1954 arrear
257 1917 292 1955 T
296 1914 344 1953 er'
378 1913 493 1952 Mich.
551 1914 596 1952 Et
638 1911 738 1952 donc
776 1911 848 1951 fuit
889 1925 1002 1966 argue
1031 1925 1153 1954 artear
1190 1928 1258 1970 per
1298 1915 1460 1959 Blencow

112 1982 181 2021 pur
200 1969 251 2009 les
266 1967 500 2009 Defendants
513 1969 547 2007 8(
567 1966 750 2021 Lutwyche
765 1980 833 2019 pro
846 1969 947 2020 quer'
977 1970 1023 2009 Et
1041 1966 1141 2009 donc
1164 1982 1235 2023 pur
1264 1971 1299 2011 16
1321 1972 1394 2013 Plt.
1425 1975 1460 2015 ie

112 2024 207 2064 Cale
224 2023 270 2064 de
288 2024 450 2076 Aldcrson
470 2025 506 2063 &
526 2023 666 2074 Dowly,
698 2035 716 2075 3
738 2021 851 2061 Keble
869 2035 961 2077 397.
993 2023 1064 2063 fuit
1078 2027 1164 2073 cite,
1184 2024 1250 2064 lou
1263 2040 1311 2066 en
1329 2029 1459 2070 aetion

112 2079 169 2118 sur
186 2079 220 2119 16
249 2081 328 2118 case
354 2091 419 2132 per
458 2078 558 2117 deux
584 2076 890 2118 Administrators
908 2091 978 2132 pur
1010 2090 1140 2133 argent
1166 2078 1241 2119 due
1271 2081 1307 2121 al
1337 2084 1460 2125 Intest'

113 2134 147 2173 le
176 2136 259 2174 Def.
284 2147 390 2187 apres
417 2135 616 2187 imparlans
641 2131 751 2186 plede
777 2133 879 2171 Afflo
895 2148 977 2182 non,
1006 2134 1086 2178 &a
1114 2147 1184 2189 pur
1205 2149 1275 2176 ceo
1307 2151 1383 2193 que
1407 2154 1460 2180 un

113 2188 180 2229 des
193 2186 372 2229 Plaintiffs
388 2188 521 2227 release
540 2202 561 2227 a
580 2189 720 2242 luy,sur
733 2201 809 2241 que
826 2187 861 2226 le
880 2188 951 2228 Plt.
970 2187 1104 2229 demur
1122 2191 1158 2229 8(
1172 2190 1378 2246 Judgment
1388 2208 1459 2250 pur

116 2243 194 2296 luy,
213 2257 277 2284 car
290 2257 350 2296 per
368 2243 393 2281 C
395 2244 448 2283 ur'
479 2243 513 2282 16
533 2244 616 2296 plea
634 2240 785 2282 duiffoit
804 2255 892 2281 aver
910 2241 1002 2283 estre
1017 2243 1128 2299 plede
1168 2249 1230 2285 uis
1247 2247 1355 2287 Darr’
1368 2262 1459 2289 con-

114 2301 182 2348 tin,
212 2301 246 2338 &
265 2312 329 2352 per
346 2311 422 2337 non
435 2298 560 2351 pleder
578 2298 686 2348 iffint,
715 2309 799 2337 tout
817 2297 957 2338 benefit
972 2298 1020 2338 de
1033 2299 1072 2339 le
1087 2299 1146 2340 Re
1162 2301 1242 2340 ease
1255 2302 1383 2356 percle.
1413 2306 1460 2345 Et

115 2352 229 2394 mults
259 2352 466 2392 Pressdents
487 2353 635 2392 fueront
661 2356 734 2392 cite
748 2365 796 2392 en
819 2353 855 2392 le
874 2355 1055 2409 principal
1077 2353 1158 2394 case
1174 2354 1221 2394 de
1238 2356 1345 2398 Pleas
1372 2363 1460 2414 puis

113 2409 271 2447 Darrein
285 2408 436 2447 contin'.
477 2409 567 2447 Mes
590 2411 694 2447 voier
711 2407 764 2447 est
780 2421 853 2460 que
868 2421 943 2448 eux
955 2420 1059 2450 touts
1072 2409 1225 2450 fueront
1243 2424 1351 2466 apres
1370 2412 1461 2455 issue

107 2460 219 2515 joyn,
237 2464 272 2501 8(
287 2476 353 2515 pur
371 2475 438 2500 ceo
449 2462 514 2513 jeo
525 2475 590 2500 ore
605 2463 699 2502 omit
712 2475 804 2500 eux:
824 2464 945 2516 Apres
960 2476 1020 2504 cet
1039 2466 1249 2518 Argument
1268 2467 1338 2507 fuit
1348 2468 1460 2510 order

119 2515 155 2554 d’
171 2515 263 2555 estre
282 2529 394 2569 argue
427 2528 585 2565 arreare,
606 2530 685 2556 mes
697 2517 763 2567 jeo
788 2517 943 2570 suppose
970 2533 1045 2572 que
1059 2533 1105 2560 ne
1120 2533 1268 2574 unques
1283 2523 1369 2574 fuir,
1397 2538 1459 2565 car

117 2571 174 2609 sur
190 2571 314 2611 search
328 2584 397 2624 pur
421 2584 467 2610 10
486 2574 622 2611 Terms
636 2584 756 2624 apres,
767 2574 865 2611 tiens
875 2572 929 2612 est
943 2572 979 2612 d·
994 2574 1086 2614 estre
1100 2585 1208 2614 trove
1223 2575 1271 2616 de
1285 2577 1361 2618 cest
1378 2583 1459 2621 case

119 2639 167 2719 {n
185 2625 326 2718 ffliver
359 2624 406 2664 de
436 2626 724 2681 Prothonotary,
752 2627 785 2665 8(
816 2627 880 2666 nul
909 2627 1112 2682 Judgment
1135 2629 1189 2670 est
1214 2644 1317 2673 enter
1346 2634 1405 2674 sur
1426 2635 1461 2675 le

158 2693 182 2718 o
215 2711 222 2718 .

70 2731 173 2784 Nota,
202 2736 297 2791 Qe
309 2747 356 2774 en
375 2735 429 2776 les
446 2734 574 2774 veilles
595 2734 704 2774 livers
731 2734 767 2775 la
793 2733 845 2774 est
871 2739 1012 2792 variety
1030 2736 1077 2777 de
1109 2741 1284 2795 opinions
1309 2757 1461 2786 concer-

123 2802 212 2830 nant
227 2801 377 2832 matters
394 2791 442 2831 de
473 2790 535 2829 tiel
561 2801 706 2830 nature:
735 2792 791 2831 En
821 2792 973 2847 Precipe
998 2792 1103 2846 quod
1131 2795 1260 2838 reddat
1279 2798 1313 2839 16
1329 2811 1461 2843 tenant

818 2858 838 2892 7
859 2849 890 2885 L
1348 2856 1459 2909 plede

1488 326 1663 387 1177.
