2111 3525
461 330 616 386 5514

1129 304 1395 388 Trespass.

701 452 840 491 merua,
870 442 904 479 le
918 439 1145 479 foundation
1169 438 1217 478 de
1248 451 1307 478 cet
1319 441 1445 480 action
1474 441 1545 481 fuit
1557 455 1607 480 un
1626 440 1735 496 duty,
1752 455 1900 484 coment
1911 448 1945 488 d’
1956 451 2044 494 estre

703 510 858 537 tecover
872 509 936 549 per
947 508 1025 548 voy
1038 494 1085 533 de
1104 493 1215 534 clam'.
1245 494 1404 534 Carthew
1419 508 1489 549 pur
1502 496 1535 536 16
1550 496 1621 536 Plt.
1649 495 1767 537 Heath
1782 512 1850 552 pur
1862 501 1896 540 le
1910 506 2044 549 Defen-

705 552 809 591 dant.

653 610 787 663 ngnt
808 607 843 646 31
875 604 1003 659 pledcr
1035 617 1082 643 en
1097 603 1314 644 abatement
1331 603 1392 644 del
1418 606 1531 655 Brief,
1559 619 1606 645 en
1621 618 1705 659 part
1724 620 1831 650 ouen
1846 622 1938 664 tout,
1966 613 2044 660 Vid,

708 666 743 702 16
759 663 838 702 case
853 660 901 700 de
916 658 1054 717 Belafift
1072 661 1107 699 &
1123 658 1258 714 Hester,
1289 673 1335 700 en
1353 659 1427 700 cest
1444 660 1547 700 livet.
1574 665 1588 703 Ι
1607 699 1623 710 U
1641 663 1676 707 <3-

651 717 765 767 Nota,
795 720 887 773 Qe
902 716 937 755 16
952 716 1041 755 Plea
1056 728 1102 753 en
1131 716 1167 755 le
1194 715 1376 770 principal
1395 716 1493 756 Case
1510 715 1576 766 cst,
1605 722 1704 756 venit
1723 717 1771 762 ὠ·
1799 719 1953 776 defendit
1972 732 2045 768 vim

706 774 756 815 ὠ
803 778 975 826 mjuriam
1018 772 1169 825 quando,
1210 771 1288 815 &a
1345 772 1436 812 Mes
1484 771 1549 810 nul
1595 775 1720 812 notice
1761 773 1833 815 fuit
1873 780 1964 832 prise
1998 783 2045 825 de

708 841 788 867 ceo.

656 882 767 933 Nota,
793 887 882 923 auxi
898 897 972 937 que
987 897 1033 923 ne
1045 884 1114 923 suit
1130 882 1200 921 asc'
1215 880 1390 934 besoigne
1407 893 1428 919 a
1445 880 1629 934 producet
1648 883 1682 922 le
1699 883 1848 924 Record
1866 885 1900 926 d'
1912 891 2045 948 Utlaty

700 941 765 992 sub
775 943 860 991 pede
873 939 985 991 figzlli‚
1014 953 1082 993 pur
1097 951 1166 977 ceo
1176 951 1249 990 que
1264 938 1299 976 le
1318 936 1407 976 Plea
1423 937 1475 977 est
1493 950 1538 976 en
1556 939 1643 977 Barr
1658 938 1721 979 del
1735 940 1887 990 aestion3
1913 947 1946 986 &
1963 953 2047 990 auxi

711 1008 782 1048 pur
799 989 874 1033 ceo‘
884 1008 959 1048 que
977 995 1013 1034 16
1030 993 1180 1035 Record
1194 992 1240 1032 de
1254 992 1391 1046 Utlary
1415 991 1468 1031 est
1487 1005 1534 1031 en
1549 994 1683 1033 mesme
1695 994 1730 1033 le
1747 994 1880 1048 Court‚
1908 1001 1939 1041 8<
1956 1002 2047 1045 iffint

710 1048 764 1089 est
779 1050 920 1090 resolve
935 1063 982 1090 en
998 1050 1174 1102 Draycote
1194 1050 1229 1087 &
1253 1048 1410 1100 Curfim's
1431 1048 1538 1096 ease,
1568 1048 1709 1088 devant
1725 1063 1773 1103 39
1794 1052 1828 1091 8<
1846 1066 1908 1105 40,
1959 1058 2047 1101 Mes

709 1104 736 1145 fi
755 1104 788 1144 le
807 1105 877 1144 Plt.
892 1104 939 1145 acl
955 1105 1060 1160 reply
1082 1107 1116 1144 &
1132 1103 1244 1157 plede
1259 1103 1325 1142 nul
1343 1103 1407 1142 tiel
1426 1103 1569 1152 record,
1593 1104 1628 1144 le
1639 1107 1744 1144 voier
1762 1105 1892 1147 formal
1905 1113 2048 1153 conclu.

709 1159 791 1200 slon
808 1160 856 1200 de
867 1173 927 1200 cet
939 1161 1026 1201 Plea
1042 1160 1092 1200 ad
1106 1159 1215 1209 estre,
1247 1157 1296 1197 Et
1326 1157 1386 1197 hoc
1417 1160 1531 1210 parat'
1561 1160 1607 1213 est
1632 1162 1812 1214 verificare
1826 1167 2048 1216 qualitercun-

710 1231 786 1270 que,
816 1221 893 1261 &a
919 1226 1021 1268 prout
1037 1216 1117 1254 Cur'
1135 1214 1261 1265 (οη-[ἰῶ
1290 1211 1338 1253 Et
1354 1219 1434 1268 quia
1464 1214 1592 1268 Justic'
1616 1214 1674 1254 hic
1683 1218 1724 1268 se
1746 1216 1906 1270 adzifire
1932 1223 2048 1264 volunt

699 1274 804 1325 fitper
824 1272 1024 1325 inspcdion'
1053 1271 1208 1311 Recordi
1224 1281 1280 1321 per
1292 1269 1390 1320 prcd'
1408 1269 1548 1323 defend’
1561 1269 1717 1323 strperius
1740 1272 1871 1323 allegat'
1889 1277 1963 1315 dies
1978 1278 2048 1318 dat'

715 1327 761 1383 est
791 1328 947 1377 partibus
970 1328 1068 1379 pred'
1096 1326 1152 1366 hic
1181 1327 1291 1379 usqtte,
1320 1326 1387 1363 &a
1416 1338 1525 1364 come
1549 1324 1602 1365 est
1617 1324 1673 1365 dit
1687 1339 1734 1366 en
1749 1326 1847 1378 Dyer
1862 1343 1949 1381 227,
1967 1335 2051 1375 228.

712 1395 760 1421 en
778 1382 867 1436 quel
881 1382 977 1423 Case
996 1383 1054 1422 sur
1072 1381 1106 1421 le
1122 1382 1210 1421 Plea
1224 1380 1272 1419 de
1288 1380 1352 1419 nul
1365 1380 1427 1419 tiel
1443 1380 1593 1420 Record
1607 1380 1642 1420 (Γ
1656 1395 1707 1421 un
1722 1382 1871 1437 Utlary‚
1889 1385 1923 1425 le
1936 1388 2048 1445 ΕΜΓ),

713 1438 798 1487 fuit,
829 1437 877 1477 Et
904 1438 988 1478 diciz’
1022 1437 1068 1492 est
1100 1438 1220 1490 prefht'
1256 1435 1393 1482 defend'
1429 1438 1521 1489 quod
1548 1436 1670 1476 habeat
1688 1438 1820 1476 record'
1838 1439 1893 1479 hic
1910 1443 1970 1481 eali
1978 1444 2048 1496 die,

711 1494 792 1537 &a
809 1500 873 1544 Juo
885 1494 1047 1545 periculo,
1079 1495 1113 1531 8(
1130 1492 1168 1531 la
1185 1490 1238 1531 est
1257 1490 1312 1530 dit
1329 1503 1416 1544 que,
1435 1491 1469 1530 16
1485 1490 1634 1531 Record
1655 1491 1794 1532 esteant
1812 1506 1858 1532 en
1873 1497 2001 1538 mesme
2015 1500 2049 1540 16

712 1549 922 1598 Court,ceo
934 1550 1050 1602 Entry
1067 1561 1113 1587 ne
1132 1548 1203 1586 fuit
1216 1547 1361 1586 formal.
1373 1547 1464 1586 Mes
1478 1547 1564 1586 sont
1574 1548 1702 1586 ascuns
1715 1547 1919 1591 Prefidents
1933 1565 1978 1592 en
1990 1567 2050 1594 au-

713 1605 799 1643 ticls
810 1605 963 1644 casesen
973 1617 1099 1658 queux
1115 1603 1150 1641 16
1165 1602 1235 1641 Plt.
1252 1602 1454 1655 reply,que
1468 1601 1521 1640 est
1532 1602 1595 1641 tiel
1609 1602 1771 1652 Record,
1781 1605 1829 1647 ό·
1845 1605 1906 1644 hoc
1915 1619 2052 1662 param,

714 1659 762 1714 est
789 1660 968 1712 verificare
996 1671 1056 1711 per
1080 1657 1233 1697 Record’
1257 1657 1319 1695 ill'.
1373 1659 1419 1695 Et
1448 1656 1546 1696 donc
1577 1656 1612 1696 16
1628 1660 1746 1712 Entry
1768 1658 1833 1708 est,
1861 1662 1953 1714 quod
1964 1671 2051 1716 pem

715 1715 810 1769 quod
828 1714 976 1754 Record'
1011 1714 1102 1752 illud
1130 1712 1262 1751 videat'
1294 1711 1344 1754 ὠ
1368 1713 1539 1763 inspicias
1568 1713 1636 1752 ἃς.
1665 1726 1772 1752 come
1793 1713 1845 1753 est
1860 1729 1906 1755 en
1921 1716 2051 1759 Robin-

705 1770 804 1824 son's
822 1768 967 1808 Entries
1000 1780 1086 1819 104.
1117 1766 1218 1806 Hern
1248 1766 1337 1815 278.
1369 1766 1593 1806 Brownlow's
1612 1769 1731 1820 Judic'
1747 1768 1866 1818 Writs,
1898 1778 1954 1812 tit.
1983 1774 2052 1816 Sci.

705 1825 779 1879 fac.
806 1823 841 1863 le
861 1823 1008 1862 darrain
1026 1822 1214 1861 Prefident
1231 1821 1344 1860 soubs
1368 1832 1427 1860 cet
1444 1821 1537 1870 title,
1566 1823 1599 1860 8<
1619 1822 1733 1862 latine
1754 1822 1945 1866 Brownlow
1961 1843 2053 1885 433,

715 1880 806 1920 Mes
837 1892 884 1918 en
913 1877 977 1917 nul
1006 1876 1052 1916 de
1078 1891 1170 1916 ceux
1198 1875 1407 1915 Preficlents
1439 1876 1492 1915 est
1512 1876 1580 1915 asc'
1594 1881 1776 1926 mention,
1804 1891 1878 1931 que
1891 1881 1927 1921 le
1940 1885 2053 1940 Party

713 1948 789 1987 que
817 1932 927 1988 plede
955 1933 990 1973 le
1017 1932 1167 1973 Record
1195 1931 1314 1971 haheat
1345 1928 1493 1971 Recora'
1533 1932 1587 1972 ill'
1615 1932 1649 1970 al
1680 1933 1745 1972 tiel
1767 1932 1856 1984 jour
1874 1938 1938 1987 fito
1963 1947 2050 1990 peri.

710 1990 798 2032 culo.

1866 2486 2041 2554 Morgan
